<record><leader>00000cas a2200000 a 4500</leader><controlfield tag="001">27912430</controlfield><controlfield tag="008">930413d19661974caudr ne      0    0eng c</controlfield><datafield ind1=" " ind2=" " tag="010"><subfield code="a">sn 93051995 </subfield></datafield><datafield ind1=" " ind2=" " tag="040"><subfield code="a">CUY</subfield><subfield code="b">eng</subfield><subfield code="c">CNK</subfield><subfield code="d">OCLCQ</subfield><subfield code="d">CNK</subfield><subfield code="d">OCLCQ</subfield><subfield code="d">OCLCF</subfield><subfield code="d">OCLCO</subfield></datafield><datafield ind1="1" ind2=" " tag="029"><subfield code="a">AU@</subfield><subfield code="b">000020752513</subfield></datafield><datafield ind1=" " ind2=" " tag="042"><subfield code="a">pcc</subfield></datafield><datafield ind1=" " ind2=" " tag="043"><subfield code="a">n-us-ca</subfield></datafield><datafield ind1="0" ind2=" " tag="130"><subfield code="a">Sun (San Bernardino, Calif. : 1966)</subfield></datafield><datafield ind1="1" ind2="4" tag="245"><subfield code="a">The sun.</subfield></datafield><datafield ind1="3" ind2="0" tag="246"><subfield code="a">Sun-telegram</subfield></datafield><datafield ind1="1" ind2="7" tag="246"><subfield code="a">Daily sun</subfield></datafield><datafield ind1="3" ind2="0" tag="246"><subfield code="a">Sunday sun-telegram</subfield></datafield><datafield ind1=" " ind2=" " tag="260"><subfield code="a">San Bernardino, Calif. :</subfield><subfield code="b">Sun Co.</subfield></datafield><datafield ind1=" " ind2=" " tag="300"><subfield code="a">v.</subfield></datafield><datafield ind1=" " ind2=" " tag="310"><subfield code="a">Daily</subfield></datafield><datafield ind1="0" ind2=" " tag="362"><subfield code="a">Vol. 72, no. 133 (Feb. 7, 1966)-Feb. 1, 1974.</subfield></datafield><datafield ind1=" " ind2=" " tag="500"><subfield code="a">On Sundays and holidays published as: Sun-telegram, Feb. 13, 1966-June 18, 1967; on Saturdays, Sundays and holidays published as: Sun-telegram, June 25, 1967-Apr. 16, 1972; on Saturdays and holidays published as: Sun-telegram, Apr. 29, 1972-Jan. 26, 1974.</subfield></datafield><datafield ind1=" " ind2=" " tag="500"><subfield code="a">On Sundays published as: Sunday sun-telegram, Apr. 23, 1972-Jan. 27, 1974.</subfield></datafield><datafield ind1=" " ind2=" " tag="515"><subfield code="a">Daily issues have separate vol. numbering from Saturday, Sunday and holiday issues.</subfield></datafield><datafield ind1=" " ind2=" " tag="515"><subfield code="a">Vol. numbering ceases with Apr. 21, 1973 issue.</subfield></datafield><datafield ind1=" " ind2=" " tag="530"><subfield code="a">Master negatives are available for duplication from:</subfield><subfield code="b">California Newspaper Microfilm Archive;</subfield><subfield code="c">positive copies may be purchased by the reel; for further information consult the CNMA at:</subfield><subfield code="u">http://cbsr.ucr.edu</subfield></datafield><datafield ind1=" " ind2="0" tag="651"><subfield code="a">San Bernardino County (Calif.)</subfield><subfield code="v">Newspapers.</subfield></datafield><datafield ind1=" " ind2="7" tag="655"><subfield code="a">Newspapers.</subfield><subfield code="2">fast</subfield><subfield code="0">(OCoLC)fst01423814</subfield></datafield><datafield ind1=" " ind2="7" tag="651"><subfield code="a">California</subfield><subfield code="z">San Bernardino County.</subfield><subfield code="2">fast</subfield><subfield code="0">(OCoLC)fst01207309</subfield></datafield><datafield ind1=" " ind2=" " tag="752"><subfield code="a">United States</subfield><subfield code="b">California</subfield><subfield code="c">San Bernardino</subfield><subfield code="d">San Bernardino.</subfield></datafield><datafield ind1="0" ind2="0" tag="780"><subfield code="t">San Bernardino daily sun</subfield><subfield code="w">(DLC)sn 85066524</subfield></datafield><datafield ind1="0" ind2="7" tag="785"><subfield code="t">Evening telegram and the evening index</subfield><subfield code="w">(DLC)sn 95062076</subfield></datafield><datafield ind1="0" ind2="7" tag="785"><subfield code="t">Sun-telegram (San Bernardino, Calif.)</subfield><subfield code="w">(DLC)sn 93051996</subfield></datafield></record>